@Misc{stan,
    title = {Stan: A C++ Library for Probability and Sampling, Version
      2.8.0},
    author = {{Stan Development Team}},
    year = {2015},
    url = {http://mc-stan.org/},
  }